<?xml version="1.0" encoding="UTF-8"?><collection xmlns="http://www.loc.gov/MARC21/slim"><record><leader>00628nam--2200181-i-4500</leader><controlfield tag="001">000015659</controlfield><controlfield tag="002">20161230</controlfield><controlfield tag="005">20161230201031</controlfield><controlfield tag="008">060222s1000------------r-----000-0-eng-d</controlfield><datafield ind1=" " ind2=" " tag="040"><subfield code="a">IFIN-HH</subfield></datafield><datafield ind1=" " ind2=" " tag="080"><subfield code="a">537.533.35</subfield></datafield><datafield ind1="1" ind2=" " tag="100"><subfield code="a">Herde, E</subfield></datafield><datafield ind1="1" ind2="0" tag="245"><subfield code="a">Zaed bibliography of gas phase electron diffraction suppliment 1980-1982</subfield><subfield code="c">E. herde, e. maier, b. mez-statk, r. mutter, u. seiter, c. spreter, i. hargittai, d.g. watson, a. lohr, g.j. selz</subfield></datafield><datafield ind1=" " ind2=" " tag="260"><subfield code="a">Karlsruhe</subfield><subfield code="b">Fachinformationszentrum</subfield><subfield code="c">1985</subfield></datafield><datafield ind1=" " ind2=" " tag="300"><subfield code="a">177 P</subfield></datafield><datafield ind1=" " ind2=" " tag="490"><subfield code="a">Physik Daten Physics Data 21-2 1985</subfield></datafield><datafield ind1=" " ind2=" " tag="852"><subfield code="a">47445</subfield><subfield code="c">53.081</subfield></datafield><datafield ind1=" " ind2=" " tag="CAT"><subfield code="a">Sys</subfield><subfield code="c">20160405</subfield><subfield code="h">093044</subfield></datafield></record></collection>